@ARTICLE{ARTICLE:TORNERIA,
    AUTHOR="Lautaro Regis",
    TITLE="Torner{\'\i}a",
    JOURNAL="Esc. de Ed. Tec.Nuestra Señora de la Guarda",
    YEAR="2018",
}

@BOOK{BOOK:MECANICA,
    AUTHOR="William H. Crouse",
    TITLE="Mec{\'a}nica de la Motocicleta",
    PUBLISHER="Marcombo",
    YEAR="1992",
    PAGES="321",
}

@BOOK{BOOK:TAPA,
    AUTHOR="Ediciones Necochea",
    TITLE="Tapas de Cilindros",
    PUBLISHER="Ediciones Necochea",
    YEAR="2021",
}

@MISC{WEBSITE:MECANICA,
	HOWPUBLISHED = "\url{http://www.mecanicafacil.info/Rectificado_del_Bloque_del_Motor.html}",
	AUTHOR = "MecanicaF{\'a}cil",
	TITLE = "Rectificado del Bloque del Motor",
	MONTH = "09",
	YEAR = "2012",
	URLDATE = {2022-09-06}

}

@MISC{WEBSITE:RFID,
	HOWPUBLISHED = "\url{https://www.dipolerfid.es/blog-rfid/que-es-rfid}",
	AUTHOR = "Dipole",
	TITLE = "¿Qu{\'e} es RFID?",
	URLDATE = {2022-09-06}

}

@MISC{WEBSITE:UHF,
	HOWPUBLISHED = "\url{https://www.ecured.cu/UHF}",
	AUTHOR = "Enciclopedia EcuRed",
	TITLE = "Sistemas radioel{\'e}ctricos",
	URLDATE = {2022-09-06}

}

@MISC{WEBSITE:TELECTRONICA,
	HOWPUBLISHED = "\url{https://telectronica.com/soluciones-rfid/}",
	AUTHOR = "Telectr{\'o}nica",
	TITLE = "Web oficial",
	URLDATE = {2022-09-06}
}

}

@ARTICLE{ARTICLE:BIELA,
    AUTHOR="Gilda Liliana Ballivian Rosado",
    TITLE="Reparaci{\'o}n del Motor",
    JOURNAL="Instituto de Educaci{\'o}n Superior Tecnol{\'o}gico P{\'u}blico",
    YEAR="2016",
}

@INBOOK{BOOK:CIGUEÑAL,
    AUTHOR="Robert Bosch",
    TITLE="Manual de la t{\'e}cnica autom{\'o}vil",
    PUBLISHER="Editorial Reverte S.A.",
    YEAR="1999",
    PAGES="387-389",
}

@MISC{WEBSITE:HTTP,
	HOWPUBLISHED = "\url{https://developer.mozilla.org/es/docs/Web/HTTP/Overview}",
	AUTHOR = "Mozilla",
	TITLE = "Generalidades del protocolo HTTP",
	URLDATE = {2022-09-06}
}

@MISC{WEBSITE:TCP,
	HOWPUBLISHED = "\url{https://www.rfc-editor.org/rfc/rfc675}",
	AUTHOR = "Rfc",
	TITLE = "Specification of internet transmission control program",
	URLDATE = {2022-09-06}
}

@MISC{WEBSITE:CLIENTESERVIDOR,
	HOWPUBLISHED = "\url{https://reactiveprogramming.io/blog/es/estilos-arquitectonicos/cliente-servidor}",
	AUTHOR = "Oscar Blancarte",
	TITLE = "Arquitectura cliente-servidor",
	URLDATE = {2022-09-06}
}

@MISC{WEBSITE:HTML,
	HOWPUBLISHED = "\url{https://developer.mozilla.org/es/docs/Web/HTML}",
	AUTHOR = "Mozilla",
	TITLE = "HTML: Lenguaje de etiquetas de hipertexto",
	URLDATE = {2022-09-06}
}

@MISC{WEBSITE:OSI,
	HOWPUBLISHED = "\url{https://www.cloudflare.com/es-es/learning/ddos/glossary/open-systems-interconnection-model-osi/}",
	AUTHOR = "Cloudflare",
	TITLE = "¿Qu{\'e} es el modelo OSI?",
	URLDATE = {2022-09-06}
}

@MISC{WEBSITE:MQTT,
	HOWPUBLISHED = "\url{https://www.paessler.com/es/it-explained/mqtt}",
	AUTHOR = "Paessler",
	TITLE = "¿Qu{\'e} es MQTT?",
	URLDATE = {2022-09-06}
}

@MISC{WEBSITE:PUBSUB,
	HOWPUBLISHED = "\url{https://aws.amazon.com/es/pub-sub-messaging/}",
	AUTHOR = "Amazon",
	TITLE = "Pub/Sub Messaging",
	URLDATE = {2022-09-06}
}

@MISC{WEBSITE:MOSQUITTO,
	HOWPUBLISHED = "\url{https://mosquitto.org/}",
	AUTHOR = "Eclipse",
	TITLE = "Eclipse Mosquitto™ An open source MQTT broker",
	URLDATE = {2022-09-06}
}

@online{mysql-docs,
  title = {MySQL :: MySQL Documentation},
  author = {Oracle Corporation},
  year = {2023},
  url = {https://dev.mysql.com/doc/},
  urldate = {March 30, 2023}
}

@MISC{WEBSITE:1,
	HOWPUBLISHED = "\url{http://www.info/l.html}",
	AUTHOR = "ll",
	TITLE = "llllll del ll del ll",
	URLDATE = {2012-09-06}
}

@MANUAL{dallas:ds18b20,
    organization  = "Dallas Semiconductor",
    title         = "DS18B20 Programmable Resolution 1-Wire Digital Thermometer",
    number        = "050400",
    year          =  2015,
    note          = "Rev. 3"
}

@book{teton2003,
	title={Gu{\'\i}a t{\'e}cnica de la acuariofilia},
	author={Teton, J.},
	isbn={9788489840249},
	series={Gu{\'\i}as t{\'e}cnicas},
	url={https://books.google.com.ar/books?id=6vrjovWkQicC},
	year={2003},
	publisher={Tursen S.A. - H. Blume}
}

@book{IEEE:citation,
	author={IEEE},
	title={IEEE Citation Reference},
	edition={1},
	url={http://www.ieee.org/documents/ieeecitationref.pdf},
	urldate={2016-9-26},
	publisher={IEEE Publications},
	year={2016}
}

@misc{CIAA,
	author = {{Proyecto CIAA}},
	title = {Computadora Industrial Abierta Argentina},
	url = {http://proyecto-ciaa.com.ar/devwiki/doku.php?id=start},
	note = {Visitado el 2016-06-25},
	year = {2014}
}

@MISC{lpcopen,
   author =	{{NXP Semiconductors}},
   title =	{LPCOPEN v2.16 Drivers, Middleware and Examples},
   url =	{http://www.nxp.com/products/microcontrollers-and-processors/arm-processors/lpc-cortex-m-mcus/software-tools/lpcopen-libraries-and-examples:LPC-OPEN-LIBRARIES},
   note =	{Disponible: 2016-06-25},
 }
 
@MISC{contrib,
	author =	{{Savannah}},
	title =	{lwIP - A Lightweight TCP/IP stack},
	url =	{http://git.savannah.gnu.org/cgit/lwip/lwip-contrib.git},
	note =	{Disponible: 2016-06-25},
 }

@MISC{webserver,
	author =	{{Savannah}},
	title =	{lwIP - Wiki - Sample Web Server},
	url =	{ http://lwip.wikia.com/wiki/Sample_Web_Server},
	note =	{Disponible: 2016-06-25}
 } 
 


@MISC{sensor_pH,
   author =	{dfRobot},
   title =	{PH meter(SKU: SEN0161)},
   url =	{http://www.dfrobot.com/wiki/index.php?title=PH_meter(SKU:_SEN0161)},
   note =	{Disponible: 2016-06-25},
}

@misc{rfc2616,
	series =	{Request for Comments},
	number=		2616,
	howpublished=	{RFC 2616},
	publisher =	{RFC Editor},
	doi =		{10.17487/rfc2616},
	url =		{https://rfc-editor.org/rfc/rfc2616.txt},
	author=		{Jeffrey Mogul and Larry M Masinter and Roy T. Fielding and Jim Gettys and Paul J. Leach and Tim Berners-Lee},
	title=		{{Hypertext Transfer Protocol -- HTTP/1.1}},
	pagetotal =	176,
	year =		2013,
	month =		3,
	day =		2,
	abstract =	{HTTP has been in use by the World-Wide Web global information initiative since 1990. This specification defines the protocol referred to as &quot;HTTP/1.1&quot;, and is an update to RFC 2068. [STANDARDS-TRACK]},
}

@misc{rfc3875,
	series =	{Request for Comments},
	number=		3875,
	howpublished=	{RFC 3875},
	publisher =	{RFC Editor},
	doi =		{10.17487/rfc3875},
	url =		{https://rfc-editor.org/rfc/rfc3875.txt},
	author=		{David Robinson},
	title=		{{The Common Gateway Interface (CGI) Version 1.1}},
	pagetotal =	36,
	year =		2013,
	month =		mar,
	day =		20,
	abstract =	{The Common Gateway Interface (CGI) is a simple interface for running external programs, software or gateways under an information server in a platform-independent manner. Currently, the supported information servers are HTTP servers.},
}

@misc{rfc7540,
	series =	{Request for Comments},
	number=		7540,
	howpublished=	{RFC 7540},
	publisher =	{RFC Editor},
	doi =		{10.17487/rfc7540},
	url =		{https://rfc-editor.org/rfc/rfc7540.txt},
	author=		{Mike Belshe and Roberto Peon and Martin Thomson},
	title=		{{Hypertext Transfer Protocol Version 2 (HTTP/2)}},
	pagetotal =	96,
	year =		2015,
	month =		nov,
	day =		18,
	abstract =	{This specification describes an optimized expression of the semantics of the Hypertext Transfer Protocol (HTTP), referred to as HTTP version 2 (HTTP/2). HTTP/2 enables a more efficient use of network resources and a reduced perception of latency by introducing header field compression and allowing multiple concurrent exchanges on the same connection. It also introduces unsolicited push of representations from servers to clients.},
}
